<?xml version="1.0" encoding="UTF-8"?><collection xmlns="http://www.loc.gov/MARC21/slim"><record><leader>00374nam--2200157-i-4500</leader><controlfield tag="001">000025161</controlfield><controlfield tag="002">20161230</controlfield><controlfield tag="005">20170304141005</controlfield><controlfield tag="008">060222s1000------------r-----000-0-eng-d</controlfield><datafield ind1=" " ind2=" " tag="100"><subfield code="a">Burmeister, R</subfield></datafield><datafield ind1=" " ind2=" " tag="245"><subfield code="a">Electronik</subfield></datafield><datafield ind1=" " ind2=" " tag="260"><subfield code="a">Berlin</subfield><subfield code="b">Veb Deutscher Verlag</subfield><subfield code="c">1979</subfield></datafield><datafield ind1=" " ind2=" " tag="300"><subfield code="a">255 p</subfield></datafield><datafield ind1=" " ind2=" " tag="490"><subfield code="a">Physik Fur Lehrer</subfield></datafield><datafield ind1=" " ind2=" " tag="852"><subfield code="a">621.38</subfield></datafield><datafield ind1=" " ind2=" " tag="CAT"><subfield code="a">SYS</subfield><subfield code="c">20170304</subfield><subfield code="h">141005</subfield></datafield></record></collection>